%% This BibTeX bibliography file was created using BibDesk.
%% https://bibdesk.sourceforge.io/

%% Created for Dang Viet Ha at 2018-06-05 16:45:44 +0700 


%% Saved with string encoding Unicode (UTF-8) 



@misc{smart-taking,
	Author = {Nexty},
	Date-Added = {2018-06-05 06:28:36 +0000},
	Date-Modified = {2018-06-05 06:43:35 +0000},
	Keywords = {nexty, ethereum, concensus, PoA, PoF},
	Month = {Dec.},
	Title = {Nexty Platform white paper},
	Year = {2017},
	Bdsk-Url-1 = {https://nexty.io/nexty-whitepaper.pdf}}

@misc{clique,
	Author = {P{\'e}ter Szil{\'a}gyi},
	Date-Added = {2018-06-02 04:56:52 +0000},
	Date-Modified = {2018-06-05 06:40:33 +0000},
	Keywords = {Clique, PoA, Rinkeby},
	Month = {Mar.},
	Title = {Clique PoA protocol and Rinkeby PoA testnet},
	Year = {2017},
	Bdsk-Url-1 = {https://github.com/ethereum/EIPs/issues/225}}
